@online{ts101,
	author = {Les Pounder},
	title = {Miniware TS101 Smart Soldering Iron Review: Lots of Options},
	date = {2022-12-14},
	url = {https://www.tomshardware.com/reviews/miniware-ts101-smart-soldering-iron-review-lots-of-options},
	subtitle = {Smart soldering iron has a comfortable grip, helpful digital menu and premium price.},
	urldate = {2024-08-26}
}